@Book{ISPressman,
	author = {Roger S. Pressman},
	title = {Ingenier\'{i}a del Software. Un enfoque pr\'{a}ctico},
	publisher = {McGraw-Hill},
	year = {2005}
}