@misc{React1,
	author = {Miguel Ángel Álvarez},
	title = {Qué es \uppercase{R}eact. \uppercase{P}or qué usar \uppercase{R}eact},
	year = {2019},
	howpublished = {\url{https://desarrolloweb.com/articulos/que-es-react-motivos-uso.html}}
}

@misc{React2,
	author = {Albert Campillo},
	title = {¿\uppercase{D}e dónde sale \uppercase{R}eact?},
	year = {2020},
	howpublished = {\url{https://www.drauta.com/que-es-react-y-para-que-sirve}}
}

@misc{React3,
	author = {César Antón Dorantes},
	title = {Conceptos básicos de \uppercase{JSX} y \uppercase{R}eact\uppercase{JS}},
	year = {2015},
	howpublished = {\url{https://platzi.com/blog/conceptos-basicos-reactjs/}}
}