@article{BOE,
  author  = {BOE}, 
  title   = {Orden EDU/849/2010, de 18 de marzo, por la que se regula la ordenación de la educación del alumnado con necesidad de apoyo educativo y se regulan los servicios de orientación educativa en el ámbito de gestión del Ministerio de Educación, en las ciudades de Ceuta y Melilla.},
  year    = 2010,
  month   = 4
}

@misc{TiposDeAdaptaciones,
  title        = {El uso de los pictogramas},
   howpublished = {\url{http://www.ponceleon.org/logopedia/index.php?option=com_content&view=article&id=110}}
}
