@misc{SistemaEducativo,
  author       = {Laura González}, 
  title        = {¿Cómo se organiza el sistema educativo español?},
  howpublished = {\url{https://www.emagister.com/blog/se-organiza-sistema-educativo-espanol/}},
  month        = 8,
  year         = 2020
}
@misc{EducaciónInclusiva, 
  title        = {¿Qué es la educación inclusiva?},
  howpublished = {\url{http://www.inclusioneducativa.org/ise.php?id=1}}
}
@misc{TiposDeAdaptaciones,
  title        = {Tipos de adaptaciones curriculares individualizadas (A.C.I.)},
   howpublished = {\url{https://www.fundacioncadah.org/web/articulo/tipos-de-adaptaciones-curriculares-individualizadas.html#:~:text=Suelen%20responder%20a%20las%20necesidades,Recursos%20espaciales%2C%20materiales%20y%20personales.}}
}
@book{Libro1,
      title     = "Déficit de atención con hiperactividad. Manual para padres y educadores.",
      author    = "Orjales Villa, I.",
      year      = 1999,
      publisher = "Editorial CEPE",
      address   = "Madrid"
}
@article{BOE,
  author  = {BOE}, 
  title   = {Decreto 98/2005, de 18 de agosto, de ordenación de la atención a la diversidad en las enseñanzas escolares y la educación preescolar en Cantabria.},
  year    = 2005,
  month   = 8
}
@misc{EspectroAutista,
  title        = {Información básica sobre el trastorno del espectro autista},
  howpublished = {\url{https://www.cdc.gov/ncbddd/spanish/autism/facts.html#:~:text=Los%20trastornos%20del%20espectro%20autista,sociales%2C%20comunicacionales%20y%20conductuales%20significativos.}}
}