@article{BOE,
	author  = {Agencia Estatal Boletín Oficial del Estado}, 
	title   = {Orden EDU/849/2010, de 18 de marzo, por la que se regula la ordenación de la educación del alumnado con necesidad de apoyo educativo y se regulan los servicios de orientación educativa en el ámbito de gestión del Ministerio de Educación, en las ciudades de Ceuta y Melilla},
	year    = {2010},
	webpage	= {https://www.boe.es/eli/es/o/2010/03/18/edu849},
	volume	= {83},
	pages	= {31332-31380},
	issn	= {0212-033X}
}

@misc{TiposDeAdaptaciones,
	title        = {El uso de los pictogramas},
	howpublished = {\url{http://www.ponceleon.org/logopedia/index.php?option=com_content&view=article&id=110}}
}

@article{ManualLecturaFacil,
	author	= {Óscar García Muñoz},
	title	= {Lectura fácil: Métodos de redacción y evaluación},
	webpage	= {https://www.plenainclusion.org/sites/default/files/lectura-facil-metodos.pdf},
	year	= {2012},
	volume	= {1}
}

@misc{SistemasSignos,
	title			= {Sistemas de signos},
	author			= {Consuelo Belloch},
	howpublished	= {\url{https://www.uv.es/bellochc/logopedia/NRTLogo8.wiki?7}},
	year			= {2014}
}

@misc{ApuntesDSU,
	author			= {Antonio Sánchez Ruiz-Granados and Raquel Hervás Ballesteros and Baltasar Fernández Manjón and Agustín Vila Lorenz},
	title			= {Diseño de Sistemas Interactivos},
	year			= {2019},
	howpublished	= {}
}